@conference{CMJH200711001007,
 author = {李德仁},
 title = {论可量测实景影像的概念与应用——从4D产品到5D产品},
 booktitle = {中国测绘学会九届三次理事会暨2007年“信息化测绘论坛”学术年会论文集},
 year = {2007},
 editor = ,
 pages = {22-28},
 publisher = {}
 }
